%% This BibTeX bibliography file was created using BibDesk.
%% https://bibdesk.sourceforge.io/

%% Created for Marco Piangerelli at 2019-09-30 12:48:04 +0200 


%% Saved with string encoding Unicode (UTF-8) 



@article{MP,
	Author = {Autorenome Cognome}, 
	Journal = {ACM},
	Title = {titolo},
	Year = {anno}}

@online{trello,
	Author = {Trello},
	Title = {Trello},
	Url = {https://trello.com/},
	Bdsk-Url-1 = {https://trello.com/}}

@article{paperopoli,
	Author = {Paolino, Paperino and Paperone, De Paperoni and John Davison, Rockerducki},
	Date = {2011},
	Location = {Milano},
	Publisher = {Hoepli},
	Title = {Il deposito di Paperopoli}}

@book{ajax,
	Author = {Joe, Fawcett and Jeremy, McPeak and Nicholas, C.Zakas},
	Date = {2007},
	Location = {Milano},
	Publisher = {Hoepli},
	Title = {Ajax Guida per lo sviluppatore}}

@Online{MODULE, 
    Author = {Angular team},
    Title = {Angular docs, introduction to modules},
    Url = {https://angular.io/guide/architecture-modules},
    Bdsk-Url-1 = {https://angular.io/guide/architecture-modules}}
    
@online{MemCache,
author = {Microsoft},
title = {AddMemoryCache},
url = {https://docs.microsoft.com/en-us/dotnet/api/microsoft.extensions.dependencyinjection.memorycacheservicecollectionextensions.addmemorycache?view=dotnet-plat-ext-3.1},
Bdsk-Url-1 = {https://docs.microsoft.com/en-us/dotnet/api/microsoft.extensions.dependencyinjection.memorycacheservicecollectionextensions.addmemorycache?view=dotnet-plat-ext-3.1}}

@online{HTTPMETHODS,
author = {IETF},
title = {Http Methods},
url = {https://tools.ietf.org/html/rfc2616#section-9}}

@online{HTTPPARAMS,
author = {IETF},
title = {URI Query Parameters},
url = {https://tools.ietf.org/html/rfc3986#section-3.4}}

@online{HTTPBODY,
author = {IETF},
title = {Http Body},
url = {https://tools.ietf.org/html/rfc2616#section-4.3}}

@online{ACTIONFILTER,
author = {Microsoft},
title = {Action Filters},
url = {https://docs.microsoft.com/en-us/aspnet/core/mvc/controllers/filters?view=aspnetcore-3.1}}

@online{HTTPCONTEXT,
author = {Microsoft},
title = {HttpContext},
url = {https://docs.microsoft.com/en-us/dotnet/api/system.web.httpcontext?view=netframework-4.8}}

@online{MD5,
author = {IETF},
title = {Message Digest Algorithm MD5},
url = {https://www.ietf.org/rfc/rfc1321.txt}}

@online{JMETER,
author = {Apache Software Foundation},
title = {JMeter},
url = {https://jmeter.apache.org/}}

@Online{EF,
	Author = {Microsoft},
	Title = {Entity Framework},
	Url = {https://docs.microsoft.com/it-it/ef/},
	Bdsk-Url-1 = {https://docs.microsoft.com/it-it/ef/}}

@Online{DbSet,
	Author = {EntityFrameworkTutorial.net.},
	Title = {DbSet in EF},
	Url = {https://www.entityframeworktutorial.net/entityframework6/dbset.aspx},
	Bdsk-Url-1 = {https://www.entityframeworktutorial.net/entityframework6/dbset.aspx}}
	
@online{GRANT,
author = {IETF},
title = {Resource Owner Password Credentials Grant},
url = {https://tools.ietf.org/html/rfc6749#section-4.3}}

@online{REFRESH,
author = {IETF},
title = {Refresh Token},
url = {https://tools.ietf.org/html/rfc6749#section-1.5}}

@online{VS,
author = {Microsoft 2020},
title = {Visual Studio},
url = {https://visualstudio.microsoft.com/it/vs/community/}}

@online{VSCode,
author = {Microsoft},
title = {Visual Studio Code},
url = {https://code.visualstudio.com/docs}}

@online{GIT,
title = {Git (software)},
url = {https://it.wikipedia.org/wiki/Git_(software)}}

@online{GITLAB,
title = {GitLab},
url = {https://it.wikipedia.org/wiki/GitLab}}

@online{POSTMAN,
title = {Postman},
url = {https://www.geeksforgeeks.org/introduction-postman-api-development/}}

@online{ANGULAR, 
title = {Introduction to Angular concepts},
url = {https://angular.io/}}

@online{HTML,
title = {HTML},
url = {https://en.wikipedia.org/wiki/HTML}}

@online{TYPESCRIPT,
title = {TypeScript},
url = {https://en.wikipedia.org/wiki/TypeScript}}

@online{NPM,
title = {Npm (Software)},
url = {https://it.wikipedia.org/wiki/Npm_(software)}}

@online{KENDO,
title = {Modern UI made easy},
url = {https://www.telerik.com/}}

@online{KIBANA,
author = {Elasticsearch B.V.},
title = {Kibana},
url = {https://www.elastic.co/guide/en/kibana/current/introduction.html},
}

@online{ELASTICSEARCH,
title = {An Overview on Elasticsearch and its usage},
url = {https://towardsdatascience.com/an-overview-on-elasticsearch-and-its-usage-e26df1d1d24a%7D
}}
